@article{LMS13,
author="Leimkuhler,B. and  Matthews,C. and Stoltz,G.",
title="The computation of averages from equilibrium and nonequilibrium Langevin molecular dynamics",
journal="IMA Journal of Numerical Analysis",
volume="36",
issue="1",
year="2016"}

@unpublished{KK22,
author="Keller,B.G. and Kieninger,S.",
title="GROMACS Stochastic Dynamics and BAOAB are equivalent configurational sampling algorithms",
url="https://arxiv.org/abs/2204.02105v1"}

@article{HLG03,
author="Hairer,E. and Lubich,C. and Wanner,G.",
title="Geometric numerical integration illustrated by the Störmer-Verlet method",
journal="Acta Numerica",
volume="12",
year="2003",
pages="399--450"}

@book{JS12,
author="Leimkuhler,B. and Matthews,C.",
title="Molecular Dynamics With Stochastic and Deterministic Methods",
series="Interdisciplinary Applied Mathematics",
publisher="Springer",
year="2015"}

@article{JS12,
author="Joubaud,R. and Stoltz,G.",
title="Nonequilibrium Shear Viscosity Computations With Langevin Dynamics",
doi="https://doi.org/10.1137/110836237",
journal="Multiscale Modelling \& Simulation",
volume="10",
issue="1",
pages="191--216",
year="2012"}

@article{FHG15,
author="Fathi,M. and Homman,A.A. and Stoltz,G.",
title="Error Analysis of the Transport Properties of Metropolized Schemes",
journal="ESAIM Proc.",
volume="48",
year="2015",
pages="341--363"}

@article{FG16,
author="Fathi,M. and Stoltz,G.",
title="Improving dynamical properties of metropolized discretizations of overdamped Langevin dynamics",
journal="Numerische Mathematik",
volume="136",
issue="2",
publisher="Springer",
year="2016",
pages="545--602"}

@article{B82,
author="Bhattacharya,R.N.",
title="On the Functional Central Limit Theorem and the Law
of the Iterated Logarithm for Markov Processes",
journal="Zeitschrift für Wahrscheinlichkeitstheorie und verwandte Gebiete",
volume="60",
issue="2",
pages="185--201",
publisher="Springer-Verlag",
year="1982"}